<record><leader>00000cas a2200000 a 4500</leader><controlfield tag="001">12351999</controlfield><controlfield tag="008">850806d186418uuiluir ne      0   a0eng c</controlfield><datafield ind1=" " ind2=" " tag="010"><subfield code="a">sn 85038324 </subfield></datafield><datafield ind1=" " ind2=" " tag="040"><subfield code="a">NPY</subfield><subfield code="b">eng</subfield><subfield code="c">NPY</subfield><subfield code="d">NVF</subfield><subfield code="d">DLC</subfield><subfield code="d">NVF</subfield><subfield code="d">CVF</subfield><subfield code="d">OCL</subfield><subfield code="d">NVF</subfield><subfield code="d">OCLCQ</subfield><subfield code="d">NVF</subfield><subfield code="d">OCLCF</subfield><subfield code="d">OCLCO</subfield></datafield><datafield ind1=" " ind2=" " tag="042"><subfield code="a">pcc</subfield></datafield><datafield ind1=" " ind2=" " tag="043"><subfield code="a">n-us-il</subfield></datafield><datafield ind1="0" ind2=" " tag="130"><subfield code="a">Chicago times (Chicago, Ill. : Triweekly)</subfield></datafield><datafield ind1="1" ind2="4" tag="245"><subfield code="a">The Chicago times.</subfield></datafield><datafield ind1=" " ind2=" " tag="260"><subfield code="a">Chicago, Ill. :</subfield><subfield code="b">Storey &amp; Worden</subfield></datafield><datafield ind1=" " ind2=" " tag="300"><subfield code="a">v.</subfield></datafield><datafield ind1=" " ind2=" " tag="310"><subfield code="a">Triweekly</subfield></datafield><datafield ind1="1" ind2=" " tag="362"><subfield code="a">Began in 1864?</subfield></datafield><datafield ind1=" " ind2=" " tag="580"><subfield code="a">Daily eds.: Chicago times (Chicago, Ill. : 1861), and: Times (Chicago, Ill. : 1881).</subfield></datafield><datafield ind1=" " ind2=" " tag="580"><subfield code="a">Weekly eds.: Chicago times (Chicago, Ill. : Weekly : 1861), and: Times (Chicago, Ill. : Weekly).</subfield></datafield><datafield ind1=" " ind2=" " tag="588"><subfield code="a">Description based on: Vol. 1, no. 81 (Sept. 3, 1864).</subfield></datafield><datafield ind1=" " ind2=" " tag="588"><subfield code="a">Latest issue consulted: June 28, 1872.</subfield></datafield><datafield ind1=" " ind2="0" tag="651"><subfield code="a">Chicago (Ill.)</subfield><subfield code="v">Newspapers.</subfield></datafield><datafield ind1=" " ind2="7" tag="655"><subfield code="a">Newspapers.</subfield><subfield code="2">fast</subfield><subfield code="0">(OCoLC)fst01423814</subfield></datafield><datafield ind1=" " ind2="7" tag="651"><subfield code="a">Illinois</subfield><subfield code="z">Chicago.</subfield><subfield code="2">fast</subfield><subfield code="0">(OCoLC)fst01204048</subfield></datafield><datafield ind1=" " ind2=" " tag="752"><subfield code="a">United States</subfield><subfield code="b">Illinois</subfield><subfield code="c">Cook</subfield><subfield code="d">Chicago.</subfield></datafield><datafield ind1="1" ind2=" " tag="775"><subfield code="t">Chicago times (Chicago, Ill. : 1861)</subfield><subfield code="w">(DLC)sn 84024115</subfield><subfield code="w">(OCoLC)10523217</subfield></datafield><datafield ind1="1" ind2=" " tag="775"><subfield code="t">Times (Chicago, Ill. : 1881)</subfield><subfield code="w">(DLC)sn 84037009</subfield><subfield code="w">(OCoLC)10575241</subfield></datafield><datafield ind1="1" ind2=" " tag="775"><subfield code="t">Chicago times (Chicago, Ill. : Weekly : 1861)</subfield><subfield code="w">(DLC)sn 92068235</subfield><subfield code="w">(OCoLC)8820903</subfield></datafield><datafield ind1="1" ind2=" " tag="775"><subfield code="t">Times (Chicago, Ill. : Weekly)</subfield><subfield code="w">(DLC)sn 85038325</subfield><subfield code="w">(OCoLC)12352177</subfield></datafield></record>